<record xmlns="http://www.loc.gov/MARC21/slim" xmlns:xsi="http://www.w3.org/2001/XMLSchema-instance" xsi:schemaLocation="http://www.loc.gov/MARC21/slim http://www.loc.gov/standards/marcxml/schema/MARC21slim.xsd">

  <leader>00514nam a2200157Ia 4500</leader>
  <datafield ind2=" " tag="999" ind1=" ">
    <subfield code="c">1259</subfield>
    <subfield code="d">1259</subfield>
  </datafield>
  <controlfield tag="008">170525b2004    cr ||||| |||| 00| | spa d</controlfield>
  <datafield ind2=" " tag="090" ind1=" ">
    <subfield code="a">04.01.01 </subfield>
    <subfield code="b">1289</subfield>
  </datafield>
  <datafield ind1="1" tag="110" ind2=" ">
    <subfield code="9">1370</subfield>
    <subfield code="a">Costa Rica. Leyes, Decretos, etc.</subfield>
  </datafield>
  <datafield tag="245" ind1="1" ind2="0">
    <subfield code="a">Ley 7600 sobre igualdad de oportunidades para las personas con discapacidad</subfield>
  </datafield>
  <datafield ind2=" " ind1=" " tag="260">
    <subfield code="a">Costa Rica : </subfield>
    <subfield code="b">Editorama, </subfield>
    <subfield code="c">2004</subfield>
  </datafield>
  <datafield ind2=" " ind1=" " tag="300">
    <subfield code="a">92 páginas</subfield>
  </datafield>
  <datafield tag="650" ind1="1" ind2="4">
    <subfield code="a">LEGISLACIÓN</subfield>
    <subfield code="9">45</subfield>
  </datafield>
  <datafield ind2="4" tag="650" ind1="1">
    <subfield code="a"> IGUALDAD DE OPORTUNIDADES</subfield>
    <subfield code="9">952</subfield>
  </datafield>
  <datafield ind2="4" tag="650" ind1="1">
    <subfield code="a">PERSONAS CON DISCAPACIDAD</subfield>
    <subfield code="9">1369</subfield>
  </datafield>
  <datafield tag="942" ind1=" " ind2=" ">
    <subfield code="2">z</subfield>
    <subfield code="c">01</subfield>
  </datafield>
</record>